<?xml version="1.0" encoding="UTF-8"?><record xmlns="http://www.loc.gov/MARC21/slim" xmlns:cinclude="http://apache.org/cocoon/include/1.0" xmlns:zs="http://www.loc.gov/zing/srw/">
  <leader>00467nz  a2200145n  4500</leader>
  <controlfield tag="001">n 2014051555</controlfield>
  <controlfield tag="003">DLC</controlfield>
  <controlfield tag="005">20140822152015.0</controlfield>
  <controlfield tag="008">140822n| azannaabn          |b aaa      </controlfield>
  <datafield tag="010" ind1=" " ind2=" ">
    <subfield code="a">n 2014051555</subfield>
  </datafield>
  <datafield tag="040" ind1=" " ind2=" ">
    <subfield code="a">DLC</subfield>
    <subfield code="b">eng</subfield>
    <subfield code="e">rda</subfield>
    <subfield code="c">DLC</subfield>
  </datafield>
  <datafield tag="100" ind1="1" ind2=" ">
    <subfield code="a">Ch'oe, Ch'ang-hŭi</subfield>
  </datafield>
  <datafield tag="400" ind1="1" ind2=" ">
    <subfield code="a">최 창희</subfield>
  </datafield>
  <datafield tag="667" ind1=" " ind2=" ">
    <subfield code="a">Non-Latin script reference not evaluated</subfield>
  </datafield>
  <datafield tag="670" ind1=" " ind2=" ">
    <subfield code="a">Ch'unch'ŏn hangil tongnip undongsa, 1999:</subfield>
    <subfield code="b">t.p. (최 창희 = Ch'oe Ch'ang-hŭi) pref. (prof., Hallimdae Sahakkwa)</subfield>
  </datafield>
</record>